<record><leader>00000cas a22000007a 4500</leader><controlfield tag="001">14766371</controlfield><controlfield tag="008">861119d188u1920iauwr ne      0    0eng d</controlfield><datafield ind1=" " ind2=" " tag="010"><subfield code="a">sn 86060262 </subfield></datafield><datafield ind1=" " ind2=" " tag="040"><subfield code="a">INP</subfield><subfield code="b">eng</subfield><subfield code="c">INP</subfield><subfield code="d">OCLCQ</subfield></datafield><datafield ind1="0" ind2=" " tag="130"><subfield code="a">Manson journal (Manson, Iowa : 1887)</subfield></datafield><datafield ind1="1" ind2="4" tag="245"><subfield code="a">The Manson journal.</subfield></datafield><datafield ind1=" " ind2=" " tag="260"><subfield code="a">Manson, Iowa :</subfield><subfield code="b">G.I. &amp; T.D. Long,</subfield><subfield code="c">-1920.</subfield></datafield><datafield ind1=" " ind2=" " tag="300"><subfield code="a">v. :</subfield><subfield code="b">ill. ;</subfield><subfield code="c">55-64 cm.</subfield></datafield><datafield ind1=" " ind2=" " tag="310"><subfield code="a">Weekly</subfield></datafield><datafield ind1="0" ind2=" " tag="362"><subfield code="a">-v. 47, no. 4 (Nov. 24, 1920).</subfield></datafield><datafield ind1=" " ind2=" " tag="500"><subfield code="a">Publisher varies.</subfield></datafield><datafield ind1=" " ind2=" " tag="500"><subfield code="a">Includes separately numbered section called: Pomeroy weekly news, &lt;Nov. 10, 1887&gt;-July 28, 1892.</subfield></datafield><datafield ind1=" " ind2=" " tag="515"><subfield code="a">Two editions published for the week of June 18, 1896; both editions numbered v. 22, no. 33.</subfield></datafield><datafield ind1=" " ind2=" " tag="588"><subfield code="a">Description based on: Vol. 14, no. 1 (Nov. 10, 1887).</subfield></datafield><datafield ind1=" " ind2=" " tag="752"><subfield code="a">United States</subfield><subfield code="b">Iowa</subfield><subfield code="c">Calhoun</subfield><subfield code="d">Manson.</subfield></datafield><datafield ind1=" " ind2=" " tag="752"><subfield code="a">United States</subfield><subfield code="b">Iowa</subfield><subfield code="c">Calhoun</subfield><subfield code="d">Pomeroy.</subfield></datafield><datafield ind1="0" ind2="0" tag="780"><subfield code="t">Calhoun County journal (Manson, Iowa : 1880)</subfield><subfield code="w">(DLC)sn 87057015</subfield></datafield><datafield ind1="0" ind2="7" tag="785"><subfield code="t">Manson Democrat</subfield><subfield code="w">(DLC)sn 86060265</subfield></datafield><datafield ind1="0" ind2="7" tag="785"><subfield code="t">Manson journal and Democrat</subfield><subfield code="w">(DLC)sn 86060268</subfield></datafield><datafield ind1="1" ind2=" " tag="787"><subfield code="a">Pomeroy weekly news</subfield></datafield></record>